% Use this file for citations not found in the ACL Anthology (contained in "anthology.bib").

@article{kosinski2023theory,
  title={Theory of mind may have spontaneously emerged in large language models},
  author={Kosinski, Michal},
  journal={arXiv preprint arXiv:2302.02083},
  year={2023}
}
@article{mahowald2023dissociating,
  title={Dissociating language and thought in large language models: a cognitive perspective},
  author={Mahowald, Kyle and Ivanova, Anna A and Blank, Idan A and Kanwisher, Nancy and Tenenbaum, Joshua B and Fedorenko, Evelina},
  journal={arXiv preprint arXiv:2301.06627},
  year={2023}
}
@article{williams2022supporting,
  title={Supporting artificial social intelligence with theory of mind},
  author={Williams, Jessica and Fiore, Stephen M and Jentsch, Florian},
  journal={Frontiers in artificial intelligence},
  volume={5},
  year={2022},
  publisher={Frontiers Media SA}
}
@misc{wei2023chainofthought,
      title={Chain-of-Thought Prompting Elicits Reasoning in Large Language Models}, 
      author={Jason Wei and Xuezhi Wang and Dale Schuurmans and Maarten Bosma and Brian Ichter and Fei Xia and Ed Chi and Quoc Le and Denny Zhou},
      year={2023},
      eprint={2201.11903},
      archivePrefix={arXiv},
      primaryClass={cs.CL}
}
@article{miller2009children,
  title={Childrenâ€™s understanding of second-order mental states.},
  author={Miller, Scott A},
  journal={Psychological bulletin},
  volume={135},
  number={5},
  pages={749},
  year={2009},
  publisher={American Psychological Association}
}
@article{thoppilan2022lamda,
  title={Lamda: Language models for dialog applications},
  author={Thoppilan, Romal and De Freitas, Daniel and Hall, Jamie and Shazeer, Noam and Kulshreshtha, Apoorv and Cheng, Heng-Tze and Jin, Alicia and Bos, Taylor and Baker, Leslie and Du, Yu and others},
  journal={arXiv preprint arXiv:2201.08239},
  year={2022}
}
@article{park2023generative,
  title={Generative agents: Interactive simulacra of human behavior},
  author={Park, Joon Sung and O'Brien, Joseph C and Cai, Carrie J and Morris, Meredith Ringel and Liang, Percy and Bernstein, Michael S},
  journal={arXiv preprint arXiv:2304.03442},
  year={2023}
}
@article{ahn2022can,
  title={Do as i can, not as i say: Grounding language in robotic affordances},
  author={Ahn, Michael and Brohan, Anthony and Brown, Noah and Chebotar, Yevgen and Cortes, Omar and David, Byron and Finn, Chelsea and Fu, Chuyuan and Gopalakrishnan, Keerthana and Hausman, Karol and others},
  journal={arXiv preprint arXiv:2204.01691},
  year={2022}
}
@article{chowdhery2022palm,
  title={Palm: Scaling language modeling with pathways},
  author={Chowdhery, Aakanksha and Narang, Sharan and Devlin, Jacob and Bosma, Maarten and Mishra, Gaurav and Roberts, Adam and Barham, Paul and Chung, Hyung Won and Sutton, Charles and Gehrmann, Sebastian and others},
  journal={arXiv preprint arXiv:2204.02311},
  year={2022}
}
@article{lewkowycz2022solving,
  title={Solving quantitative reasoning problems with language models},
  author={Lewkowycz, Aitor and Andreassen, Anders and Dohan, David and Dyer, Ethan and Michalewski, Henryk and Ramasesh, Vinay and Slone, Ambrose and Anil, Cem and Schlag, Imanol and Gutman-Solo, Theo and others},
  journal={arXiv preprint arXiv:2206.14858},
  year={2022}
}
@article{keysar2003limits,
  title={Limits on theory of mind use in adults},
  author={Keysar, Boaz and Lin, Shuhong and Barr, Dale J},
  journal={Cognition},
  volume={89},
  number={1},
  pages={25--41},
  year={2003},
  publisher={Elsevier}
}
@article{ullman2023large,
  title={Large language models fail on trivial alterations to theory-of-mind tasks},
  author={Ullman, Tomer},
  journal={arXiv preprint arXiv:2302.08399},
  year={2023}
}
@article{moghaddam2023boosting,
  title={Boosting Theory-of-Mind Performance in Large Language Models via Prompting},
  author={Moghaddam, Shima Rahimi and Honey, Christopher J},
  journal={arXiv preprint arXiv:2304.11490},
  year={2023}
}
@article{hagendorff2023machine,
  title={Machine psychology: Investigating emergent capabilities and behavior in large language models using psychological methods},
  author={Hagendorff, Thilo},
  journal={arXiv preprint arXiv:2303.13988},
  year={2023}
}
@article{xie2023translating,
  title={Translating natural language to planning goals with large-language models},
  author={Xie, Yaqi and Yu, Chen and Zhu, Tongyao and Bai, Jinbin and Gong, Ze and Soh, Harold},
  journal={arXiv preprint arXiv:2302.05128},
  year={2023}
}
@inproceedings{huang2022language,
  title={Language models as zero-shot planners: Extracting actionable knowledge for embodied agents},
  author={Huang, Wenlong and Abbeel, Pieter and Pathak, Deepak and Mordatch, Igor},
  booktitle={International Conference on Machine Learning},
  pages={9118--9147},
  year={2022},
  organization={PMLR}
}
@article{silver2023generalized,
  title={Generalized Planning in PDDL Domains with Pretrained Large Language Models},
  author={Silver, Tom and Dan, Soham and Srinivas, Kavitha and Tenenbaum, Joshua B and Kaelbling, Leslie Pack and Katz, Michael},
  journal={arXiv preprint arXiv:2305.11014},
  year={2023}
}
@article{wang2023voyager,
  title={Voyager: An open-ended embodied agent with large language models},
  author={Wang, Guanzhi and Xie, Yuqi and Jiang, Yunfan and Mandlekar, Ajay and Xiao, Chaowei and Zhu, Yuke and Fan, Linxi and Anandkumar, Anima},
  journal={arXiv preprint arXiv:2305.16291},
  year={2023}
}
@article{crawford2013configural,
  title={A configural theory of team processes: Accounting for the structure of taskwork and teamwork},
  author={Crawford, Eean R and Lepine, Jeffery A},
  journal={Academy of Management Review},
  volume={38},
  number={1},
  pages={32--48},
  year={2013},
  publisher={Academy of Management Briarcliff Manor, NY}
}
@article{riedl2021quantifying,
  title={Quantifying collective intelligence in human groups},
  author={Riedl, Christoph and Kim, Young Ji and Gupta, Pranav and Malone, Thomas W and Woolley, Anita Williams},
  journal={Proceedings of the National Academy of Sciences},
  volume={118},
  number={21},
  pages={e2005737118},
  year={2021},
  publisher={National Acad Sciences}
}
@misc{sap2023neural,
      title={Neural Theory-of-Mind? On the Limits of Social Intelligence in Large LMs}, 
      author={Maarten Sap and Ronan LeBras and Daniel Fried and Yejin Choi},
      year={2023},
      eprint={2210.13312},
      archivePrefix={arXiv},
      primaryClass={cs.CL}
}
@misc{zheng2023judging,
      title={Judging LLM-as-a-judge with MT-Bench and Chatbot Arena}, 
      author={Lianmin Zheng and Wei-Lin Chiang and Ying Sheng and Siyuan Zhuang and Zhanghao Wu and Yonghao Zhuang and Zi Lin and Zhuohan Li and Dacheng Li and Eric. P Xing and Hao Zhang and Joseph E. Gonzalez and Ion Stoica},
      year={2023},
      eprint={2306.05685},
      archivePrefix={arXiv},
      primaryClass={cs.CL}
}
@misc{openai2023gpt4,
      title={GPT-4 Technical Report}, 
      author={OpenAI},
      year={2023},
      eprint={2303.08774},
      archivePrefix={arXiv},
      primaryClass={cs.CL}
}
@article{zhang2012perspective,
  title={Perspective-taking and depth of theory-of-mind reasoning in sequential-move games},
  author={Zhang, Jun and Hedden, Trey and Chia, Adrian},
  journal={Cognitive science},
  volume={36},
  number={3},
  pages={560--573},
  year={2012},
  publisher={Wiley Online Library}
}
@inproceedings{li2022theory,
  title={Theory of Mind Modeling in Search and Rescue Teams},
  author={Li, Huao and Oguntola, Ini and Hughes, Dana and Lewis, Michael and Sycara, Katia},
  booktitle={2022 31st IEEE International Conference on Robot and Human Interactive Communication (RO-MAN)},
  pages={483--489},
  year={2022},
  organization={IEEE}
}
@article{wang2023describe,
  title={Describe, explain, plan and select: Interactive planning with large language models enables open-world multi-task agents},
  author={Wang, Zihao and Cai, Shaofei and Liu, Anji and Ma, Xiaojian and Liang, Yitao},
  journal={arXiv preprint arXiv:2302.01560},
  year={2023}
}
@article{liu2023llm,
  title={Llm+ p: Empowering large language models with optimal planning proficiency},
  author={Liu, Bo and Jiang, Yuqian and Zhang, Xiaohan and Liu, Qiang and Zhang, Shiqi and Biswas, Joydeep and Stone, Peter},
  journal={arXiv preprint arXiv:2304.11477},
  year={2023}
}
@article{bubeck2023sparks,
  title={Sparks of artificial general intelligence: Early experiments with gpt-4},
  author={Bubeck, S{\'e}bastien and Chandrasekaran, Varun and Eldan, Ronen and Gehrke, Johannes and Horvitz, Eric and Kamar, Ece and Lee, Peter and Lee, Yin Tat and Li, Yuanzhi and Lundberg, Scott and others},
  journal={arXiv preprint arXiv:2303.12712},
  year={2023}
}
@misc{1606.01540,
  Author = {Greg Brockman and Vicki Cheung and Ludwig Pettersson and Jonas Schneider and John Schulman and Jie Tang and Wojciech Zaremba},
  Title = {OpenAI Gym},
  Year = {2016},
  Eprint = {arXiv:1606.01540},
}
@article{lim2020improving,
  title={Improving Multi-Agent Cooperation using Theory of Mind},
  author={Lim, Terence X and Tio, Sidney and Ong, Desmond C},
  journal={arXiv preprint arXiv:2007.15703},
  year={2020}
}
@article{oguntola2023theory,
  title={Theory of Mind as Intrinsic Motivation for Multi-Agent Reinforcement Learning},
  author={Oguntola, Ini and Campbell, Joseph and Stepputtis, Simon and Sycara, Katia},
  journal={arXiv preprint arXiv:2307.01158},
  year={2023}
}
@article{yuan2021emergence,
  title={Emergence of theory of mind collaboration in multiagent systems},
  author={Yuan, Luyao and Fu, Zipeng and Zhou, Linqi and Yang, Kexin and Zhu, Song-Chun},
  journal={arXiv preprint arXiv:2110.00121},
  year={2021}
}
@article{sclar2023minding,
  title={Minding Language Models'(Lack of) Theory of Mind: A Plug-and-Play Multi-Character Belief Tracker},
  author={Sclar, Melanie and Kumar, Sachin and West, Peter and Suhr, Alane and Choi, Yejin and Tsvetkov, Yulia},
  journal={arXiv preprint arXiv:2306.00924},
  year={2023}
}
@article{baker2017rational,
  title={Rational quantitative attribution of beliefs, desires and percepts in human mentalizing},
  author={Baker, Chris L and Jara-Ettinger, Julian and Saxe, Rebecca and Tenenbaum, Joshua B},
  journal={Nature Human Behaviour},
  volume={1},
  number={4},
  pages={0064},
  year={2017},
  publisher={Nature Publishing Group UK London}
}
@article{rahwan2019machine,
  title={Machine behaviour},
  author={Rahwan, Iyad and Cebrian, Manuel and Obradovich, Nick and Bongard, Josh and Bonnefon, Jean-Fran{\c{c}}ois and Breazeal, Cynthia and Crandall, Jacob W and Christakis, Nicholas A and Couzin, Iain D and Jackson, Matthew O and others},
  journal={Nature},
  volume={568},
  number={7753},
  pages={477--486},
  year={2019},
  publisher={Nature Publishing Group UK London}
}
@article{wei2022chain,
  title={Chain of thought prompting elicits reasoning in large language models},
  author={Wei, Jason and Wang, Xuezhi and Schuurmans, Dale and Bosma, Maarten and Chi, Ed and Le, Quoc and Zhou, Denny},
  journal={arXiv preprint arXiv:2201.11903},
  year={2022}
}
@article{ji2023survey,
  title={Survey of hallucination in natural language generation},
  author={Ji, Ziwei and Lee, Nayeon and Frieske, Rita and Yu, Tiezheng and Su, Dan and Xu, Yan and Ishii, Etsuko and Bang, Ye Jin and Madotto, Andrea and Fung, Pascale},
  journal={ACM Computing Surveys},
  volume={55},
  number={12},
  pages={1--38},
  year={2023},
  publisher={ACM New York, NY}
}
@article{fan2004modeling,
  title={Modeling and simulating human teamwork behaviors using intelligent agents},
  author={Fan, Xiaocong and Yen, John},
  journal={Physics of life reviews},
  volume={1},
  number={3},
  pages={173--201},
  year={2004},
  publisher={Elsevier}
}

@article{yu2022surprising,
  title={The surprising effectiveness of ppo in cooperative multi-agent games},
  author={Yu, Chao and Velu, Akash and Vinitsky, Eugene and Gao, Jiaxuan and Wang, Yu and Bayen, Alexandre and Wu, Yi},
  journal={Advances in Neural Information Processing Systems},
  volume={35},
  pages={24611--24624},
  year={2022}
}

@article{samvelyan19smac,
  title = {{The} {StarCraft} {Multi}-{Agent} {Challenge}},
  author = {Mikayel Samvelyan and Tabish Rashid and Christian Schroeder de Witt and Gregory Farquhar and Nantas Nardelli and Tim G. J. Rudner and Chia-Man Hung and Philiph H. S. Torr and Jakob Foerster and Shimon Whiteson},
  journal = {CoRR},
  volume = {abs/1902.04043},
  year = {2019},
}

@article{sunehag2017value,
  title={Value-decomposition networks for cooperative multi-agent learning},
  author={Sunehag, Peter and Lever, Guy and Gruslys, Audrunas and Czarnecki, Wojciech Marian and Zambaldi, Vinicius and Jaderberg, Max and Lanctot, Marc and Sonnerat, Nicolas and Leibo, Joel Z and Tuyls, Karl and others},
  journal={arXiv preprint arXiv:1706.05296},
  year={2017}
}

@article{sharon2015conflict,
  title={Conflict-based search for optimal multi-agent pathfinding},
  author={Sharon, Guni and Stern, Roni and Felner, Ariel and Sturtevant, Nathan R},
  journal={Artificial Intelligence},
  volume={219},
  pages={40--66},
  year={2015},
  publisher={Elsevier}
}

@book{Aho:72,
    author  = {Alfred V. Aho and Jeffrey D. Ullman},
    title   = {The Theory of Parsing, Translation and Compiling},
    year    = "1972",
    volume  = "1",
    publisher = {Prentice-Hall},
    address = {Englewood Cliffs, NJ}
}

@book{APA:83,
    author  = {{American Psychological Association}},
    title   = {Publications Manual},
    year    = "1983",
    publisher = {American Psychological Association},
    address = {Washington, DC}
}

@article{Chandra:81,
	author = {Ashok K. Chandra and Dexter C. Kozen and Larry J. Stockmeyer},
	year = "1981",
	title = {Alternation},
	journal = {Journal of the Association for Computing Machinery},
	volume = "28",
	number = "1",
	pages = "114--133",
	doi = "10.1145/322234.322243",
}

@inproceedings{andrew2007scalable,
  title={Scalable training of {$L_1$}-regularized log-linear models},
  author={Andrew, Galen and Gao, Jianfeng},
  booktitle={Proceedings of the 24th International Conference on Machine Learning},
  pages={33--40},
  year={2007},
  url={https://dl.acm.org/doi/abs/10.1145/1273496.1273501}
}

@book{Gusfield:97,
    author  = {Dan Gusfield},
    title   = {Algorithms on Strings, Trees and Sequences},
    year    = "1997",
    publisher = {Cambridge University Press},
    address = {Cambridge, UK},
    url={https://www.cambridge.org/core/books/algorithms-on-strings-trees-and-sequences/F0B095049C7E6EF5356F0A26686C20D3}
}

@article{rasooli-tetrault-2015,
    author    = {Mohammad Sadegh Rasooli and Joel R. Tetreault},
    title     = {Yara Parser: {A} Fast and Accurate Dependency Parser},
    journal   = {Computing Research Repository},
    volume    = {arXiv:1503.06733},
    year      = {2015},
    url       = {http://arxiv.org/abs/1503.06733},
    note    = {version 2}
}

@article{Ando2005,
	Acmid = {1194905},
	Author = {Ando, Rie Kubota and Zhang, Tong},
	Issn = {1532-4435},
	Issue_Date = {12/1/2005},
	Journal = {Journal of Machine Learning Research},
	Month = dec,
	Numpages = {37},
	Pages = {1817--1853},
	Publisher = {JMLR.org},
	Title = {A Framework for Learning Predictive Structures from Multiple Tasks and Unlabeled Data},
	Volume = {6},
	Year = {2005},
	url={https://www.jmlr.org/papers/volume6/ando05a/ando05a.pdf}
}

@article{ct1965,
  title={An algorithm for the machine calculation of complex {F}ourier series},
  author={Cooley, James W. and Tukey, John W.},
  journal={Mathematics of Computation},
  volume={19},
  number={90},
  pages={297--301},
  year={1965},
  url={https://www.ams.org/journals/mcom/1965-19-090/S0025-5718-1965-0178586-1/S0025-5718-1965-0178586-1.pdf}
}
