@misc{mappo,
title = {The Surprising Effectiveness of {PPO} in Cooperative, Multi-Agent Games},
url = {http://arxiv.org/abs/2103.01955},
number = {{arXiv}:2103.01955},
publisher = {{arXiv}},
author = {Yu, Chao and Velu, Akash and Vinitsky, Eugene and Gao, Jiaxuan and Wang, Yu and Bayen, Alexandre and Wu, Yi},
urldate = {2023-04-20},
date = {2022-11-04},
langid = {english},
eprinttype = {arxiv},
eprint = {2103.01955 [cs]},
keywords = {Computer Science - Machine Learning, Computer Science - Artificial Intelligence, Computer Science - Multiagent Systems},
}


@article{bard_hanabi_2020,
title = {The Hanabi Challenge: A New Frontier for {AI} Research},
volume = {280},
issn = {00043702},
url = {http://arxiv.org/abs/1902.00506},
doi = {10.1016/j.artint.2019.103216},
shorttitle = {The Hanabi Challenge},
pages = {103216},
journaltitle = {Artificial Intelligence},
 journal = {Artificial Intelligence},
shortjournal = {Artificial Intelligence},
author = {Bard, Nolan and Foerster, Jakob N. and Chandar, Sarath and Burch, Neil and Lanctot, Marc and Song, H. Francis and Parisotto, Emilio and Dumoulin, Vincent and Moitra, Subhodeep and Hughes, Edward and Dunning, Iain and Mourad, Shibl and Larochelle, Hugo and Bellemare, Marc G. and Bowling, Michael},
urldate = {2023-05-08},
date = {2020-03},
 year={2020},
langid = {english},
eprinttype = {arxiv},
eprint = {1902.00506 [cs, stat]},
keywords = {Computer Science - Artificial Intelligence, Computer Science - Machine Learning, Statistics - Machine Learning},
}


@article{samvelyan19smac,
  title = {{The} {StarCraft} {Multi}-{Agent} {Challenge}},
  author = {Mikayel Samvelyan and Tabish Rashid and Christian Schroeder de Witt and Gregory Farquhar and Nantas Nardelli and Tim G. J. Rudner and Chia-Man Hung and Philiph H. S. Torr and Jakob Foerster and Shimon Whiteson},
  journal = {CoRR},
  volume = {abs/1902.04043},
  year = {2019},
}


@article{mpe_lowe2017multi,
  title={Multi-Agent Actor-Critic for Mixed Cooperative-Competitive Environments},
  author={Lowe, Ryan and Wu, Yi and Tamar, Aviv and Harb, Jean and Abbeel, Pieter and Mordatch, Igor},
  journal={Neural Information Processing Systems (NIPS)},
  year={2017}
}


@article{mpe_mordatch2017emergence,
  title={Emergence of Grounded Compositional Language in Multi-Agent Populations},
  author={Mordatch, Igor and Abbeel, Pieter},
  journal={arXiv preprint arXiv:1703.04908},
  year={2017}
}

@article{overcooked_wu_wang2021too,
  author = {Wu, Sarah A. and Wang, Rose E. and Evans, James A. and Tenenbaum, Joshua B. and Parkes, David C. and Kleiman-Weiner, Max},
  title = {Too many cooks: Coordinating multi-agent collaboration through inverse planning},
  journal = {Topics in Cognitive Science},
  year = {2021},
  keywords = {Coordination, Social learning, Inverse planning, Bayesian inference, Multi-agent reinforcement learning},
  doi = {https://doi.org/10.1111/tops.12525},
  url = {https://onlinelibrary.wiley.com/doi/abs/10.1111/tops.12525},
}

@misc{rashid_qmix_2018,
title = {{QMIX}: Monotonic Value Function Factorisation for Deep Multi-Agent Reinforcement Learning},
author = {Rashid, Tabish and Samvelyan, Mikayel and Schroeder, Christian},
date = {2018},
 year = {2018},
eprinttype = {arxiv},
eprint = {1803.11485v2}
}

@article{vdn_sunehag_value-decomposition_2018,
title = {Value-decomposition networks for cooperative multi-agent learning based on team reward},
volume = {3},
issn = {15582914},
pages = {2085--2087},
journaltitle = {Proceedings of the International Joint Conference on Autonomous Agents and Multiagent Systems, {AAMAS}},
 journal = {Proceedings of the International Joint Conference on Autonomous Agents and Multiagent Systems, {AAMAS}},
author = {Sunehag, Peter and Lever, Guy and Gruslys, Audrunas and Czarnecki, Wojciech Marian and Zambaldi, Vinicius and Jaderberg, Max and Lanctot, Marc and Sonnerat, Nicolas and Leibo, Joel Z. and Tuyls, Karl and Graepel, Thore},
date = {2018},
 year = {2018},
eprinttype = {arxiv},
eprint = {1706.05296v1},
note = {{ISBN}: 9781510868083},
keywords = {Reinforcement learning, Collaboration, Value-decomposition}
}

@inproceedings{parker2022evolving,
  title={Evolving curricula with regret-based environment design},
  author={Parker-Holder, Jack and Jiang, Minqi and Dennis, Michael and Samvelyan, Mikayel and Foerster, Jakob and Grefenstette, Edward and Rockt{\"a}schel, Tim},
  booktitle={International Conference on Machine Learning},
  pages={17473--17498},
  year={2022},
  organization={PMLR}
}

@article{claus_dynamics_1998,
title = {The Dynamics of Reinforcement Learning in Cooperative Multiagent Systems},
author = {Claus, Caroline and Boutilier, Craig},
year = {1998},
journaltitle={Proceedings of the Fifteenth National Conference on Artificial Intelligence and Tenth Innovative Applications of Artificial Intelligence Conference, AAAI 98},
journal={Proceedings of the Fifteenth National Conference on Artificial Intelligence and Tenth Innovative Applications of Artificial Intelligence Conference, AAAI 98},
langid = {english}
}




@article{laurent_world_2011_non-markovian,
title = {The world of independent learners is not markovian},
volume = {15},
issn = {18758827, 13272314},
url = {https://www.medra.org/servlet/aliasResolver?alias=iospress&doi=10.3233/KES-2010-0206},
doi = {10.3233/KES-2010-0206},
pages = {55--64},
number = {1},
journaltitle = {International Journal of Knowledge-based and Intelligent Engineering Systems},
 journal = {International Journal of Knowledge-based and Intelligent Engineering Systems},
shortjournal = {{KES}},
author = {Laurent, Guillaume J. and Matignon, LaÃ«titia and Le Fort-Piat, N.},
urldate = {2023-05-16},
date = {2011-03-23},
 year={2011},
langid = {english}
}


@article{bernstein_complexity_2002_dec-mdp,
title = {The Complexity of Decentralized Control of Markov Decision Processes},
volume = {27},
issn = {0364-765X, 1526-5471},
url = {https://pubsonline.informs.org/doi/10.1287/moor.27.4.819.297},
doi = {10.1287/moor.27.4.819.297},
pages = {819--840},
number = {4},
journaltitle = {Mathematics of Operations Research},
 journal = {Mathematics of Operations Research},
shortjournal = {Mathematics of {OR}},
author = {Bernstein, Daniel S. and Givan, Robert and Immerman, Neil and Zilberstein, Shlomo},
urldate = {2023-05-16},
date = {2002-11},
 year = {2002},
langid = {english}
}


@article{Belman-1957-mdp,
    author = {Bellman, Richard},
     title = {A Markovian Decision Process},
   journal = {Indiana Univ. Math. J.},
  fjournal = {Indiana University Mathematics Journal},
    volume = {6},
      date = {1957},
     issue = {4},
     pages = {679--684},
      issn = {0022-2518},
     coden = {IUMJAB}
}



@misc{wang_qplex_2021,
      title={QPLEX: Duplex Dueling Multi-Agent Q-Learning}, 
      author={Jianhao Wang and Zhizhou Ren and Terry Liu and Yang Yu and Chongjie Zhang},
      year={2021},
      eprint={2008.01062},
      archivePrefix={arXiv},
      primaryClass={cs.LG}
}



@article{sharon_conflict-based_2015_cbs,
title = {Conflict-based search for optimal multi-agent pathfinding},
volume = {219},
issn = {0004-3702},
url = {https://www.sciencedirect.com/science/article/pii/S0004370214001386},
doi = {10.1016/j.artint.2014.11.006},
pages = {40--66},
journaltitle = {Artificial Intelligence},
 journal = {Artificial Intelligence}, 
shortjournal = {Artificial Intelligence},
author = {Sharon, Guni and Stern, Roni and Felner, Ariel and Sturtevant, Nathan R.},
urldate = {2023-05-18},
date = {2015-02-01},
langid = {english},
keywords = {Heuristic search, Multi-agent, Pathfinding}
}


@article{schaul_prioritized_2016_per,
title = {Prioritized experience replay},
pages = {1--21},
journaltitle = {4th International Conference on Learning Representations, {ICLR} 2016 - Conference Track Proceedings},
journal = {4th International Conference on Learning Representations, {ICLR} 2016 - Conference Track Proceedings},
author = {Schaul, Tom and Quan, John and Antonoglou, Ioannis and Silver, David},
date = {2016},
 year = {2016},
eprinttype = {arxiv},
eprint = {1511.05952}
}


@article{dqn_mnih_2015,
title = {Human-level control through deep reinforcement learning},
volume = {518},
rights = {2015 Springer Nature Limited},
issn = {1476-4687},
url = {https://www.nature.com/articles/nature14236},
doi = {10.1038/nature14236},
pages = {529--533},
number = {7540},
journaltitle = {Nature},
 journal = {Nature},
author = {Mnih, Volodymyr and Kavukcuoglu, Koray and Silver, David and Rusu, Andrei A. and Veness, Joel and Bellemare, Marc G. and Graves, Alex and Riedmiller, Martin and Fidjeland, Andreas K. and Ostrovski, Georg and Petersen, Stig and Beattie, Charles and Sadik, Amir and Antonoglou, Ioannis and King, Helen and Kumaran, Dharshan and Wierstra, Daan and Legg, Shane and Hassabis, Demis},
urldate = {2023-05-22},
date = {2015-02},
 year={2015},
langid = {english},
note = {Number: 7540
Publisher: Nature Publishing Group},
keywords = {Computer science},
}


@inproceedings{boyarski_icbs_2015,
title = {{ICBS}: Improved conflict-based search algorithm for multi-agent pathfinding},
volume = {2015-January},
isbn = {978-1-57735-738-4},
pages = {740--746},
booktitle = {{IJCAI} International Joint Conference on Artificial Intelligence},
publisher = {International Joint Conferences on Artificial Intelligence},
author = {Boyarski, Eli and Felner, Ariel and Stern, Roni and Sharon, Guni and Tolpin, David and Betzalel, Oded and Shimony, Eyal},
date = {2015},
note = {{ISSN}: 10450823},
}


@misc{haarnoja_soft_2018_sac,
title = {Soft Actor-Critic: Off-Policy Maximum Entropy Deep Reinforcement Learning with a Stochastic Actor},
url = {http://arxiv.org/abs/1801.01290},
shorttitle = {Soft Actor-Critic},
 number = {{arXiv}:1801.01290},
publisher = {{arXiv}},
author = {Haarnoja, Tuomas and Zhou, Aurick and Abbeel, Pieter and Levine, Sergey},
urldate = {2023-04-01},
date = {2018-08-08},
langid = {english},
eprinttype = {arxiv},
eprint = {1801.01290 [cs, stat]},
keywords = {Computer Science - Machine Learning, Computer Science - Artificial Intelligence, Statistics - Machine Learning},
}



@misc{van_hasselt_2018_deadly_triad,
title = {Deep Reinforcement Learning and the Deadly Triad},
url = {http://arxiv.org/abs/1812.02648},
number = {{arXiv}:1812.02648},
publisher = {{arXiv}},
author = {van Hasselt, Hado and Doron, Yotam and Strub, Florian and Hessel, Matteo and Sonnerat, Nicolas and Modayil, Joseph},
urldate = {2023-05-22},
date = {2018-12-06},
langid = {english},
eprinttype = {arxiv},
eprint = {1812.02648 [cs]},
 year={2028},
keywords = {Computer Science - Artificial Intelligence, Computer Science - Machine Learning}
}

@misc{burda_exploration_2018_rnd,
title = {Exploration by Random Network Distillation},
url = {http://arxiv.org/abs/1810.12894},
number = {{arXiv}:1810.12894},
publisher = {{arXiv}},
author = {Burda, Yuri and Edwards, Harrison and Storkey, Amos and Klimov, Oleg},
urldate = {2023-05-19},
 year={2018},
date = {2018-10-30},
langid = {english},
eprinttype = {arxiv},
eprint = {1810.12894 [cs, stat]},
keywords = {Computer Science - Artificial Intelligence, Computer Science - Machine Learning, Statistics - Machine Learning}
}


@book{swarm_1999,
    title={Swarm Intelligence: from Natural to Artificial Systems},
    author = {Bonabeau, E and Dorigo, M and Theraulaz, G},
    date = {1999},
    publisher={Oxford University Press}
}


@article{van_hasselt_deep_2016_ddqn,
title = {Deep reinforcement learning with double Q-Learning},
pages = {2094--2100},
journaltitle = {30th {AAAI} Conference on Artificial Intelligence, {AAAI} 2016},
author = {Van Hasselt, Hado and Guez, Arthur and Silver, David},
date = {2016},
eprinttype = {arxiv},
eprint = {1509.06461},
note = {{ISBN}: 9781577357605}
}

@misc{stern_multi-agent_2017_conflicts,
title = {Multi-Agent Pathfinding: Definitions, Variants, and Benchmarks},
author = {Stern, Roni and Sturtevant, Nathan R and Felner, Ariel and Koenig, Sven and Ma, Hang and Walker, Thayne T and Li, Jiaoyang and Atzmon, Dor and Cohen, Liron and Kumar, T K Satish and Boyarski, Eli and Bart, Roman},
date = {2017},
 year = {2017},
eprinttype = {arxiv},
eprint = {1906.08291v1},
}


@article{boutilier_planning_1996,
title = {Planning, Learning and Coordination in Multiagent Decision Processes},
author = {Boutilier, Craig},
langid = {english},
year = {1996},
isbn = {1558604179},
publisher = {Morgan Kaufmann Publishers Inc.},
journal = {Proceedings of the 6th Conference on Theoretical Aspects of Rationality and Knowledge},
pages = {195â210},
numpages = {16},
location = {The Netherlands},
series = {TARK '96}
}

@book{oliehoek_concise_2016_pomdp,
location = {Cham},
title = {A Concise Introduction to Decentralized {POMDPs}},
isbn = {978-3-319-28929-8},
url = {http://link.springer.com/10.1007/978-3-319-28929-8},
series = {{SpringerBriefs} in Intelligent Systems},
publisher = {Springer International Publishing},
author = {Oliehoek, Frans A. and Amato, Christopher},
urldate = {2023-05-25},
year = {2016},
langid = {english},
doi = {10.1007/978-3-319-28929-8},
}



@article{oliehoek_optimal_2008_ctde,
title = {Optimal and Approximate Q-value Functions for Decentralized {POMDPs}},
volume = {32},
issn = {1076-9757},
url = {http://arxiv.org/abs/1111.0062},
doi = {10.1613/jair.2447},
pages = {289--353},
journaltitle = {Journal of Artificial Intelligence Research},
 journal = {Journal of Artificial Intelligence Research},
shortjournal = {jair},
author = {Oliehoek, Frans A. and Spaan, Matthijs T. J. and Vlassis, Nikos},
urldate = {2023-05-25},
date = {2008-05-28},
 year = {2008},
langid = {english},
eprinttype = {arxiv},
eprint = {1111.0062 [cs]},
keywords = {Computer Science - Artificial Intelligence},
}


@article{oliehoek_exploiting_2008_factorisation,
title = {Exploiting Locality of Interaction in Factored Dec-{POMDPs}},
url = {http://hdl.handle.net/10993/11029},
pages = {517--524},
journaltitle = {Int. Joint Conf. on Autonomous Agents and Multi-Agent Systems},
 journal = {Int. Joint Conf. on Autonomous Agents and Multi-Agent Systems},
author = {Oliehoek, Frans A and Spaan, Matthijs T J and Whiteson, Shimon},
date = {2008},
 year = {2008},
langid = {english},
}


@misc{son_qtran_2019,
title = {{QTRAN}: Learning to Factorize with Transformation for Cooperative Multi-Agent Reinforcement Learning},
url = {http://arxiv.org/abs/1905.05408},
shorttitle = {{QTRAN}},
number = {{arXiv}:1905.05408},
publisher = {{arXiv}},
author = {Son, Kyunghwan and Kim, Daewoo and Kang, Wan Ju and Hostallero, David Earl and Yi, Yung},
urldate = {2023-05-25},
date = {2019-05-14},
 year={2019},
langid = {english},
eprinttype = {arxiv},
eprint = {1905.05408 [cs, stat]},
keywords = {Computer Science - Artificial Intelligence, Computer Science - Machine Learning, Computer Science - Multiagent Systems, Statistics - Machine Learning}
}

@incollection{jurgen_schmidhuber_possibility_1991_curiosity,
edition = {International Conference on Simulation Adaptive Behavior: From Animals to Animats},
title = {A Possibility for Implementing Curiosity and Boredom in Model-Building Neural Controllers},
isbn = {978-0-262-25667-4},
url = {https://direct.mit.edu/books/book/3865/chapter/162771/a-possibility-for-implementing-curiosity-and},
pages = {222--227},
booktitle = {From Animals to Animats},
publisher = {The {MIT} Press},
author = {JÃ¼rgen Schmidhuber},
editor = {Meyer, Jean-Arcady},
urldate = {2023-05-25},
date = {1991},
 year = {1991},
langid = {english},
doi = {10.7551/mitpress/3115.003.0030},
}


@article{tuyls_multiagent_2012_moving_target,
title = {Multiagent Learning: Basics, Challenges, and Prospects},
volume = {33},
issn = {2371-9621, 0738-4602},
url = {https://ojs.aaai.org/index.php/aimagazine/article/view/2426},
doi = {10.1609/aimag.v33i3.2426},
shorttitle = {Multiagent Learning},
pages = {41},
number = {3},
journaltitle = {{AI} Magazine},
 journal = {{AI} Magazine},
shortjournal = {{AIMag}},
author = {Tuyls, Karl and Weiss, Gerhard},
urldate = {2023-05-29},
date = {2012-09-20},
 year= {2012},
langid = {english},
}


@inproceedings{ddpg_2016,
  added-at = {2019-07-12T20:04:55.000+0200},
  author = {Lillicrap, Timothy P. and Hunt, Jonathan J. and Pritzel, Alexander and Heess, Nicolas and Erez, Tom and Tassa, Yuval and Silver, David and Wierstra, Daan},
  biburl = {https://www.bibsonomy.org/bibtex/22708c349821330660afb992aec2be5d1/lanteunis},
  booktitle = {ICLR},
  editor = {Bengio, Yoshua and LeCun, Yann},
  ee = {http://arxiv.org/abs/1509.02971},
  interhash = {b791167abe535c8525f6a9bf62fcc1ab},
  intrahash = {2708c349821330660afb992aec2be5d1},
  keywords = {},
  timestamp = {2019-07-12T20:04:55.000+0200},
  title = {Continuous control with deep reinforcement learning.},
  url = {http://dblp.uni-trier.de/db/conf/iclr/iclr2016.html#LillicrapHPHETS15},
  year = 2016
}



@misc{lecun_gradient-based_1998_cnn,
title = {Gradient-Based Learning Applied to Document Recognition},
author = {{LeCun}, Yann and Bottou, Leon and Bengio, Yoshua and Ha, Patrick},
date = {1998},
 year={1998},
langid = {english},
}


@misc{sutton_barto_2018_rlbook,
location = {Cambridge, Massachusetts},
edition = {Second edition},
title = {Reinforcement learning: an introduction},
isbn = {978-0-262-03924-6},
series = {Adaptive computation and machine learning series},
shorttitle = {Reinforcement learning},
pagetotal = {526},
publisher = {The {MIT} Press},
author = {Sutton, Richard S. and Barto, Andrew G.},
date = {2018},
 year = {2018},
langid = {english},
keywords = {Reinforcement learning},
}


@phdthesis{sutton_1984_credit_assignment,
author = {Sutton, Richard Stuart},
title = {Temporal Credit Assignment in Reinforcement Learning},
year = {1984},
school = {University of Massachusetts Amherst},
publisher = {University of Massachusetts Amherst},
note = {AAI8410337}
}

@article{mordatch2017emergence_mpe,
  title={Emergence of Grounded Compositional Language in Multi-Agent Populations},
  author={Mordatch, Igor and Abbeel, Pieter},
  journal={arXiv preprint arXiv:1703.04908},
  year={2017}
}

@article{amodei_2016_reward,
  author = {Dario Amodei and Chris Olah and Jacob Steinhardt and Paul F. Christiano and John Schulman and Dan Man{\'{e}}},
  title = {Concrete Problems in {AI} Safety},
  journal = {CoRR},
  volume = {abs/1606.06565},
  year = {2016},
  url = {http://arxiv.org/abs/1606.06565},
  eprinttype = {arXiv},
  eprint = {1606.06565},
  timestamp = {Mon, 13 Aug 2018 16:48:59 +0200},
  biburl = {https://dblp.org/rec/journals/corr/AmodeiOSCSM16.bib},
  bibsource = {dblp computer science bibliography, https://dblp.org}
}

@phdthesis{Watkins_1989_n-step-return,
author = {Watkins, Christopher},
year = {1989},
publisher={University of Cambridge},
school={University of Cambridge},
title = {Learning From Delayed Rewards}
}

@article{cao_2013_autonomous,
  author={Cao, Yongcan and Yu, Wenwu and Ren, Wei and Chen, Guanrong},
  journal={IEEE Transactions on Industrial Informatics}, 
  title={An Overview of Recent Progress in the Study of Distributed Multi-Agent Coordination}, 
  year={2013},
  volume={9},
  number={1},
  pages={427-438},
  doi={10.1109/TII.2012.2219061}
}


@article{klima_2018_space,
AUTHOR={Klima, Richard and Bloembergen, Daan and Savani, Rahul and Tuyls, Karl and Wittig, Alexander and Sapera, Andrei and Izzo, Dario},   
TITLE={Space Debris Removal: Learning to Cooperate and the Price of Anarchy},      
JOURNAL={Frontiers in Robotics and AI},      
VOLUME={5},           
YEAR={2018},      
URL={https://www.frontiersin.org/articles/10.3389/frobt.2018.00054},       
DOI={10.3389/frobt.2018.00054},      
ISSN={2296-9144}
}

@article{panait_cooperative_2005_marl,
	title = {Cooperative Multi-Agent Learning: The State of the Art},
	volume = {11},
	issn = {1573-7454},
	url = {https://doi.org/10.1007/s10458-005-2631-2},
	doi = {10.1007/s10458-005-2631-2},
	shorttitle = {Cooperative Multi-Agent Learning},
	pages = {387--434},
	number = {3},
	journaltitle = {Autonomous Agents and Multi-Agent Systems},
 journal = {Autonomous Agents and Multi-Agent Systems},
	shortjournal = {Auton Agent Multi-Agent Syst},
	author = {Panait, Liviu and Luke, Sean},
	urldate = {2023-06-07},
	date = {2005-11-01},
 year={2005},
	langid = {english},
	keywords = {cooperation, machine learning, multi-agent learning, multi-agent systems, survey}
}

@inproceedings{Avalos2022LocalLearningAAMAS,
    title = {{Local Advantage Networks for Cooperative Multi-Agent Reinforcement Learning}},
    year = {2022},
    booktitle = {AAMAS '22: Proceedings of the 21st International Conference on Autonomous Agents and MultiAgent Systems (Extended Abstract)},
    author = {Avalos, RaphaÃ«l and Reymond, Mathieu and NowÃ©, Ann and Roijers, Diederik M.}
}



\end{filecontents}


